@book{stephens_mccallum,
  keywords = {secondary},
  title = {Retelling Stories, Framing Culture. Traditional Story and Metanarratives in Children's Literature},
  author = {John Stephens and Robyn McCallum},
  year = {1998},
  publisher = {Garland Publishing Inc.},
  address = {New York, London}
}

@misc{folgert_karsdorp_2016_51588,
  keywords     = {mywork, secondary},
  author       = {Folgert Karsdorp},
  title        = {Story network data sets.},
  year         = {2016},
  doi          = {10.5281/zenodo.51588},
  url          = {http://dx.doi.org/10.5281/zenodo.51588}
}

@book{zipes:2006,
  keywords = {secondary},
  title = {Why Fairy Tales Stick. The Evolution and Relevance of a Genre},
  author = {Jack Zipes},
  year = {2006},
  publisher = {Routledge. Taylor \& Francis Group},
  address = {New York, London}
}

@book{zipes:2012,
  keywords = {secondary},
  title = {The Irresistible Fairy Tale. The Cultural and Social History of a Genre},
  author = {Jack Zipes},
  year = {2012},
  publisher = {Princeton University Press},
  address = {Princeton, Oxford}
}

@book{geerts:2014,
  keywords = {secondary},
  editor = {Sylvie Geerts and Sara {van den Bossche}},
  title = {Never-ending Stories. Adaptation, Canonisation and Ideology in Children's Literature},
  year = {2014},
  series = {Ginkgo},
  publisher = {Academia Press},
  address = {Ghent, Belgium}
}

@incollection{wiese:2003,
  keywords = {secondary},
  author = {Heike Wiese},
  title = {Semantics as a gateway to language},
  year = {2003},
  booktitle = {Mediating between Concepts and Grammar},
  editor = {Holden Härtl and Heike Tappe},
  series = {Trends in Linguistics},
  publisher = {Mouton de Gruyter},
  address = {Berlin, New York},
  pages = {197--222}
}

@incollection{geerts_bossche,
  keywords = {secondary},
  title = {Never-ending Stories. How Canonical Works Live on in Children's Literature},
  year = {2014},
  author = {Sylvie Geerts and Sara {van den Bossche}},
  booktitle = {Never-ending Stories. Adaptation, Canonisation and Ideology in Children's Literature},
  editor = {Sylvie Geerts and Sara {van den Bossche}},
  series = {Ginkgo},
  publisher = {Academia Press},
  address = {Ghent, Belgium}  
}

@incollection{joosen:2014,
  keywords = {secondary},
  title = {A Translation Far Worse. Canonisation and Adaptation in the Early Dutch and English Translation of the Brothers Grimm's \emph{Kinder- und Hausmärchen}},
  year = {2014},
  author = {Vanessa Joosen},
  booktitle = {Never-ending Stories. Adaptation, Canonisation and Ideology in Children's Literature},
  editor = {Sylvie Geerts and Sara {van den Bossche}},
  series = {Ginkgo},
  address = {Ghent, Belgium},
  publisher = {Academia Press}
}

@book{burkert:1982, 
  keywords = {secondary},
  title = {Structure and History in Greek Mythology and Ritual},
  year = {1982},
  author = {Walter Burkert},
  publisher = {University of California Press},
  address = {Berkeley, Los Angeles, London}
}

@book{burkert:1996,
  keywords = {secondary},
  title = {Creation of the Sacred. Tracks of Biology in Early Religions},
  author = {Walter Burkert},
  year = {1996},
  publisher = {Harvard University Press},
  address = {Cambridge, Massachusetts, London, England}
}

@book{zipes:1993,
  keywords = {secondary},
  title = {The Trials \& Tribulations of Little Red Riding Hood},
  author = {Jack Zipes},
  year = {1993},
  publisher = {Routledge},
  address = {New York, London},
  edition = {2}
}

@book{collins_ridgman,
  keywords = {secondary},
  title = {Turning the page, Children's Literature in Performance and the Media},
  editor = {Fiona Collins and Jeremy Ridgman},
  year = {2006},
  publisher = {Peter Lang},
  address = {Oxford, Bern, Berlin, Bruxelles, Frankfurt am Main, New York, Wien}
}

@book{bartlett,
  keywords = {secondary},
  author = {Frederic Bartlett},
  title = {Remembering. A Study in Experimental and Social Psychology}, 
  publisher = {Cambridge University Press}, 
  year = {1932},
  note = {Cambridge Books Online}, 
  address = {London}
}

@book{boyd:2009,
  keywords = {secondary},
  author = {Brian Boyd},
  title = {On the Origin of Stories. Evolution, Cognition and Fiction},
  year = {2009},
  publisher = {The Belknap Press of Harvard University Press},
  address = {Cambridge, Massachusetts, London, England}
}

@article{tehrani:2013,
  keywords = {secondary},
  author = {Jamshid Tehrani},
  title = {{The Phylogeny of Little Red Riding Hood}},
  journal = {PLoS ONE},
  year = {2013},
  volume = {8},
  number = {11},
}

@book{frank:2010,
  keywords = {secondary},
  title = {Letting Stories Breathe. A Socio-Narratology},
  author = {Arthur W. Frank},
  year = {2010},
  publisher = {The University of Chicago Press},
  address = {Chicago, London}
}

@book{warner:1995,
  keywords = {secondary},
  title = {From the Beast to the Blonde. On Fairy Tales and their Tellers},
  author = {Marina Warner},
  year = {1995},
  publisher = {Vintage},
  address = {London}
}

@article{mcelreath2005,
keywords = {secondary},
title = {Applying evolutionary models to the laboratory study of social learning},
author = {McElreath, Richard and Lubell, Mark and Richerson, Peter J. and Waring, Timothy M. and Baum, William and Edsten, Edward and Efferson, Charles and Paciotti, Brian},
journal = {Evolution and Human Behavior},
pages = {483--508},
volume = {26},
issue = {6},
year = {2005}
}

@article{Acerbi:2012id,
  keywords = {secondary},
  author = {Acerbi, Alberto and Ghirlanda, Stefano and Enquist, Magnus},
  title = {{The Logic of Fashion Cycles}},
  journal = {PLoS ONE},
  year = {2012},
  volume = {7},
  number = {3},
  pages = {e32541--9},
}

@book{lewens:2015,
  keywords = {secondary},
  title = {Cultural Evolution. Conceptual Challenges},
  author = {Tim Lewens},
  year = {2015},
  publisher = {Oxford University Press},
  address = {Oxford}
}

@article{Mauch:2015ix,
  keywords = {secondary},
  author = {Matthias Mauch and Robert M. MacCallum and Mark Levy and Armand M. Leroi},
  title = {{The evolution of popular music: USA 1960-2010}},
  journal = {Royal Society Open Science},
  year = {2015},
  volume = {2},
  number = {5},
  pages = {150081},
}

@book{boyd_richerson:2005,
  keywords = {secondary},
  title = {Not By Genes Alone: How Culture Transformed Human Evolution},
  author = {Peter J. Richerson and Robert Boyd},
  year = {2005},
  publisher = {University of Chicago Press},
  address = {Chicago}
}

@book{warner:2012,
  keywords = {secondary},
  author = {Marina Warner},
  title = {Stranger Magic. Charmed States in the Arabian Nights},
  year = {2012},
  publisher = {The Belknap Press of Harvard University Press},
  address = {Cambridge, Massachusetts}
}

@book{rubin:1995,
  keywords = {secondary},
  title = {Memory in Oral Traditions. The Cognitive Psychology of Epic, Ballads, and Counting-out Rhymes},
  author = {David C. Rubin},
  year = {1995},
  publisher = {Oxford University Press},
  address = {New York, Oxford}
}

@book{mesoudi:2011,
  keywords = {secondary},
  title = {Cultural Evolution. How Darwinian Theory can Explain Human Culture \& Synthesize the Social Sciences},
  author = {Alex Mesoudi},
  year = {2011},
  publisher = {University of Chicago Press},
  address = {Chicago, London}
}

@book{beckett:2014,
  keywords = {primary},
  title = {Revisioning Riding Hood around the World. An Anthology of International Retellings},
  author = {Sandra L. Beckett},
  year = {2014},
  publisher = {Wayne State University Press},
  address = {Detroit, Michigan}
}

@book{beckett:2002,
  keywords = {secondary},
  title = {Recycling Red Riding Hood},
  author = {Sandra L. Beckett},
  year = {2002},
  publisher = {Routledge},
  address = {New York, London}
}

@book{beckett:2008,
  keywords = {secondary},
  title = {Red Riding Hood for all Ages. A Fairy-Tale Icon in Cross-Cultural Contexts},
  author = {Sandra L. Beckett},
  year = {2008},
  publisher = {Wayne State University Press},
  address = {Detroit, Michigan}
}

@book{orenstein:2002,
  keywords = {secondary},
  title = {Little Red Riding Hood Uncloaked. Sex, Morality and the Evolution of a Fairy Tale},
  author = {Catherine Orenstein},
  year = {2002},
  publisher = {Basic Books},
  address = {New York}
}

@book{bal:2009,
  keywords = {secondary},
  author = {Mieke Bal},
  title = {Narratology. Introduction to the Theory of Narrative},
  publisher = {University of Toronto Press},
  year = {2009},
  address = {Toronto, Buffalo, London},
  edition = {3}
}

@book{radden:2007,
  keywords = {secondary},
  title = {Cognitive English Grammar},
  author = {G\"unter Radden and Ren\'e Dirven},
  series = {Cognitive Linguistics in Practice},
  year = {2007},
  publisher = {John Benjamins Publishing Company},
  address = {Amsterdam, Philadelphia}
}

@book{tomasello:1999,
  keywords = {secondary},
  title = {The Cultural Origins Of Human Cognition},
  author = {Michael Tomasello},
  year = {2009},
  publisher = {Harvard University Press},
  address = {Cambridge, Massachusetts}
}

@article{cohen:1960,
  keywords = {secondary},
  author = {Jacob Cohen},
  title = {A Coefficient of Agreement for Nominal Scales},
  journal = {Educational and psychological measurement},
  year = {1960},
  volume = {20},
  number = {1},
  pages = {37--46}
}

@article{choi:2010,
  keywords = {secondary},
  author = {{Seung-Seok} Choi and {Sung-Hyuk} Cha and Charles C. Tappert},
  title = {A survey of binary similarity and distance measures},
  journal = {Journal of Systemics, Cybernetics and Informatics},
  volume = {8},
  number = {1},
  year = {2010},
  pages = {43--48}
}

@book{manning:2008,
 keywords = {secondary},
 author = {Christopher D. Manning and Prabhakar Raghavan and Hinrich Sch\"{u}tze},
 title = {Introduction to Information Retrieval},
 year = {2008},
 publisher = {Cambridge University Press},
 address = {New York, USA},
}

@book{good:2006,
  keywords = {secondary},
  author = {Phillip I. Good},
  title = {Resampling Methods. A Practical Guide to Data Analysis},
  year = {2006},
  publisher = {Birkh{\"a}user},
  address = {Boston, Basel, Berlin},
  edition = {3},
}

@article{bentley:2011,
  keywords = {secondary},
  author = {R. Alexander Bentley and Paul Ormerod and Michael Batty},
  title = {Evolving social influence in large populations},
  journal = {Behavioral Ecology and Sociobiology},
  year = {2011},
  volume = {65},
  number = {3},
  pages = {537--546},
}

@article{Mesoudi:2009,
  keywords = {secondary},
  author = {Alex Mesoudi and Stephen J. Lycett},
  title = {Random copying, frequency-dependent copying and culture change},
  journal = {Evolution and Human Behavior},
  year = {2009},
  volume = {30},
  number = {1},
  pages = {41--48},
}

@article{Bentley:2004,
  keywords = {secondary},
  author = {R. Alexander Bentley and Matthew W. Hahn and Stephen J. Shennan},
  title = {Random drift and culture change},
  journal = {Proceedings of the Royal Society B: Biological Sciences},
  year = {2004},
  volume = {271},
  number = {1547},
  pages = {1443--1450},
}

@article{Hahn:2003,
  keywords = {secondary},
  author = {Matthew W. Hahn and R. Alexander Bentley},
  title = {Drift as a mechanism for cultural change: an example from baby names},
  journal = {Proceedings of the Royal Society B: Biological Sciences},
  year = {2003},
  volume = {270},
  pages = {S120--S123},
}

@article{Bentley:2008,
  keywords = {secondary},
  author = {R. Alexander Bentley},
  title = {Random Drift versus Selection in Academic Vocabulary: An Evolutionary Analysis of Published Keywords},
  journal = {PLoS ONE},
  year = {2008},
  volume = {3},
  number = {8},
  pages = {e3057},
}

@article{herzog:2004,
  keywords = {secondary},
  author = {Harold A. Herzog and R. Alexander Bentley and Matthew W. Hahn},
  title = {Random drift and large shifts in popularity of dog breeds},
  journal = {Proceedings of the Royal Society B: Biological Sciences},
  volume = {271},
  year = {2004},
  pages = {S353--S356}
}

@book{genette:1997,
  keywords = {secondary},
  author = {G\'erard Genette},
  title = {Palimpsests: Literature in the Second Degree},
  publisher = {University of Nebraska Press},
  address = {Lincoln},
  year = {1997},
}

@book{Anderson:2000,
  keywords = {secondary},
  title = {Fairytale in the Ancient World},
  author = {Graham Anderson},
  publisher = {Routledge},
  year = {2000},
  address = {London, New York}
}

@article{bentley-comment:2011,
  keywords = {secondary},
  author = {Bentley, R. Alexander and Ormerod, Paul and Shennan, Stephen},
  title = {Population-level neutral model already explains linguistic patterns},
  journal = {Proceedings of the Royal Society B: Biological Sciences},
  year = {2011},
  volume = {278},
  number = {1713},
  pages = {1770--1772},
}

@book{vanboven:2003,
  keywords = {secondary},
  author = {Erica {Van Boven} and Gillis Dorleijn},
  title = {Literair Mechaniek. Inleiding tot de analyse van verhalen en gedichten},
  year = {2003},
  publisher = {Uitgeverij Coutinho},
  address = {Bussum},
  edition = {2}
}

@book{sforzafeldman:1981,
  keywords = {secondary},
  title = {Cultural Transmission and Evolution: A Quantitative Approach},
  author = {Luigi Luca {Cavalli-Sforza} and Marcus Feldman},
  year = {1981},
  series = {Monographs in Population Biology},
  number = {16},
  publisher = {Princeton University Press},
  address = {Princeton, New Jersey}
}

@book{boyd_richerson:1985,
  keywords = {secondary},
  title = {Culture and the Evolutionary Process},
  author = {Robert Boyd and Peter J. Richerson},
  year = {1985},
  publisher = {University of Chicago Press},
  address = {Chicago}
}

@article{Acerbi:2014,
  keywords = {secondary},
  author = {Acerbi, Alberto and Bentley, R. Alexander},
  title = {{Biases in cultural transmission shape the turnover of popular traits}},
  journal = {Evolution and Human Behavior},
  year = {2014},
  volume = {35},
  number = {3},
  pages = {228--236},
}

@BOOK{elson:1973,
  keywords = {secondary},
  author = {Elson, Robert T.},
  title = {{{T}he {W}orld of {T}ime {I}nc. {T}he {I}ntimate {H}istory of a {P}ublishing {E}nterprise, 1941-1960}},
  address = {{N}ew {Y}ork},
  publisher = {{A}theneum {P}ublishers},
  year = {1973},
}

@book{elson:1968,
  keywords = {secondary},
  author = {Elson, Robert T.},
  title = {{{T}ime {I}nc. {T}he {I}ntimate {H}istory of a {P}ublishing {E}nterprise, 1923-1941}},
  address = {{N}ew {Y}ork},
  publisher = {{A}theneum {P}ublishers},
  year = {1968},
}

@misc{davies:2007-2013,
  keywords = {secondary},
  title = {{{TIME} {M}agazine {C}orpus: 100 million words, 1920s-2000s}},
  url = {http://corpus.byu.edu/time},
  year = {2007--2013},
  author = {Davies, Mark},
}

@article{linde:2001,
  keywords = {secondary},
  author = {Charlotte Linde},
  title = {The Acquisition of a Speaker by a Story: How History Becomes Memory and Identity},
  journal = {Ethos},
  volume = {28},
  number = {4},
  year = {2001},
  pages = {608--632}
}

@book{linde:2009,
  keywords = {secondary},
  title = {Working with the Past: Narrative and Institutional Memory},
  author = {Charlotte Linde},
  publisher = {Oxford University Press},
  year = {2009},
  address = {New York}
}

@book{aarne:1961,
  keywords = {secondary},
  author = {Antti Aarne and Stith Thompson},
  title = {The Types of the Folktale: A Classification and Bibliography},
  publisher = {Academia Scientiarum Fennica},
  series = {FF communications},
  year = {1961},
  volume = {184},
  address = {Helsinki}
}

@book{bayard:2007,
  keywords = {secondary},
  title = {How to Talk about Books You Haven't Read},
  author = {Pierre Bayard},
  year = {2007},
  publisher = {Granta Books},
  address = {London}
}

@book{campbell:1949,
  keywords = {secondary},
  author = {Joseph Campbell},
  title = {The Hero with a Thousand Faces},
  publisher = {Princeton University Press},
  year = {1949},
  address = {Princeton}
}

@article{byers:2010,
  keywords = {secondary},
  author = {Bruce E. Byers and Kara L. Belinsky and R. Alexander Bentley},
  title = {Independent Cultural Evolution of Two Song Traditions in the Chestnut-Sided Warbler},
  year = {2010},
  journal = {The American Naturalist},
  volume = {176},
  number = {4},
  pages = {476--489}
}

@inproceedings{gephi:2009,
  keywords = {secondary},
  author = {Mathieu Bastian and Sebastien Heymann and Mathieu Jacomy},
  title = {Gephi: An Open Source Software for Exploring and Manipulating Networks},
  booktitle = {International AAAI Conference on Weblogs and Social Media},
  year = {2009}
}

@misc{vanarsdale:2015,
  keywords = {secondary},
  title = {Chain Letter Evolution},
  author = {Daniel W. VanArsdale},
  year = {2015},
  howpublished = {\url{http://www.silcom.com/~barnowl/chain-letter/evolution.html}},
  note = {Accessed: 2015-10-09}
}

@misc{vanarsdale_archive:2015,
  keywords = {primary},
  title = {The Paper Chain Letter Archive},
  author = {Daniel W. VanArsdale},
  year = {2015},
  howpublished = {\url{http://www.silcom.com/~barnowl/chain-letter/archive/!content.html}},
  note = {Accessed: 2015-10-09}
}

@book{bird:2009,
  keywords = {secondary},
  author = {Steven Bird and Ewan Klein and Edward Loper},
  title = {Natural Language Processing with Python},
  publisher = {O'Reilly},
  year = {2009},
  address = {Sebastopol}
}

@book{ellis:2004,
  keywords = {secondary},
  author = {Bill Ellis},
  title = {Lucifer Ascending: The Occult in Folklore and Popular Culture},
  year = {2004},
  publisher = {University Press of Kentucky},
  address = {Lexington}
}

@inproceedings{kestemont:2014,
  keywords = {secondary},
  author = {Mike Kestemont and Folgert Karsdorp and Marten Düring},
  title = {Mining the Twentieth Century's History of from the Time Magazine Corpus},
  booktitle = {Proceedings of the 8th Workshop on Language Technology for Cultural Heritage, Social Sciences, and Humanities (LaTeCH), E-ACL},
  year = {2014},
  address = {Sweden},
  pages = {62--70}
}

@article{tangherlini:2013,
  keywords = {secondary},
  author = {Timothy R. Tangherlini and Peter Leonard},
  title = {Trawling in the Sea of the Great Unread: Sub-corpus topic modeling and Humanities research},
  journal = {Poetics},
  volume = {41},
  number = {6},
  year = {2013},
  pages = {725--749}
}

@book{heidmann:2010,
  keywords = {secondary},
  author = {Ute Heidmann and Jean-Michel Adam},
  title = {Textualité et Intertextualité des contes: Perrault, Apulée, La Fontaine, Lhéritier},
  publisher = {Garnier},
  year = {2010},
  address = {Paris}
}

@book{wittgenstein:1958,
  keywords = {secondary},
  author = {Ludwig Wittgenstein},
  title = {Philosophische Untersuchungen},
  publisher = {Suhrkamp Taschenbuch Verlag},
  volume = {203},
  year = {1958},
  series = {suhrkamp taschenbuch wissenschaft},
  address = {Frankfurt am Main}
}

@article{blei:2003,
  keywords = {secondary},
  author={David M. Blei and Andrew Ng and Michael Jordan},
  title={Latent Dirichlet allocation},
  journal={Journal of Machine Learning Research},
  year={2003},
  volume={3},
  pages={993--1022},
}

@article{blei:2011,
  keywords = {secondary},
  author = {David M. Blei},
  title = {Introduction to Probabilistic Topic Models},
  journal = {Communications of the ACM},
  year = {2011},
  volume = {55},
  number = {4},
  pages = {77--84}
}

@article{griffiths:2004,
  keywords = {secondary},
  author={Thomas L. Griffiths and Mark Steyvers},
  title={Finding Scientific Topics},
  journal={PNAS},
  year={2004},
  volume={101},
  pages={5228--5235},
}

@inproceedings{hall:2008,
  keywords = {secondary},
  author={David Hall and Daniel Jurafsky and Christopher D. Manning},
  title={Studying the History of Ideas Using Topic Models},
  booktitle={EMNLP},
  year={2008},
  pages={363--371},
}

@inproceedings{mimno:2007,
  keywords = {secondary},
  author={David Mimno and Andrew McCallum},
  title={Mining a digital library for influential authors},
  booktitle={JCDL},
  year={2007},
}

@InProceedings{griffiths:2004b,
  keywords = {secondary},
  author = {Thomas L. Griffiths and Mark Steyvers and David M. Blei and Joshua B. Tenenbaum},
  title = {Integrating Topics and Syntax},
  booktitle = {NIPS},
  year = {2004},
  pages = {537--544}
}

@article{mimno:2012,
 keywords = {secondary},
 author = {Mimno, David},
 title = {Computational Historiography: Data Mining in a Century of Classics Journals},
 journal = {Journal on Computational and Cultural Heritage},
 volume = {5},
 number = {1},
 year = {2012},
 pages = {3:1--3:19},
 articleno = {3},
 publisher = {ACM},
} 

@article{clauset:2009,
  keywords = {secondary},
  author = {Aaron Clauset and Cosma Rohilla Shalizi and Mark E. J. Newman},
  title = {Power-law distributions in empirical data},
  journal = {SIAM Review},
  number = {51},
  number = {4},
  pages = {661--703},
  year = {2009},
  doi = {10.1137/070710111}
}

@article{koppel:2014,
  keywords = {secondary},
  author = {Moshe Koppel and Yaron Winter},
  title = {Determining if Two Documents are by the Same Author},
  journal = {JASIST},
  number = {65},
  number = {1},
  year = {2014},
  pages = {178--187}
}

@article{badham:2013,
  keywords = {secondary},
  author = {Badham, Jennifer M.},
  title = {Commentary: Measuring the shape of degree distributions},
  journal = {Network Science},
  volume = {1},
  number = {2},
  year = {2013},
  pages = {213--225},
}

@article{newman:2003,
  keywords = {secondary},
  author = {Mark E. J. Newman},
  title = {The structure and function of complex networks},
  journal = {SIAM REVIEW},
  year = {2003},
  volume = {45},
  number = {2},
  pages = {167--256}
}

@book{uther:2004,
  keywords = {secondary},
  author = {{Hans-Jörg} Uther},
  title = {The Types of International Folktales: A Classification and Bibliography. Based on the system of Antti Aarne and Stith Thompson},
  publisher = {Suomalainen Tiedeakatemia},
  series = {FF Communications},
  year = {2004},
  number = {284--286},
  address = {Helsinki}
}

@article{dundes:1997,
  keywords = {secondary},
  author = {Alan Dundes},
  title = {The Motif-Index and the Tale Type Index: A Critique},
  journal = {Journal of Folklore Research},
  volume = {34},
  number = {6},
  year = {1997},
  pages = {195--202}
}

@inproceedings{karsdorp:2012,
  keywords = {secondary, mywork},
  title = {In search of an appropriate abstraction level for motif annotations},
  author = {Karsdorp, Folgert and van Kranenburg, Peter and Meder, Theo and Trieschnigg, Dolf and van den Bosch, Antal},
  booktitle = {Proceedings of the 2012 Computational Models of Narrative Workshop},
  pages = {22--26},
  address = {Turkey, Istanbul},
  editor = {Mark Finlayson},
  year = {2012}
}

@article{mccarty:2003,
  keywords = {secondary},
  author = {McCarty, Willard},
  title = {{Humanities Computing}},
  journal = {Enclyclopedia of Library and Information Science},
  year = {2003},
  pages = {1224--1235},
}

@book{deleuze:2004,
  keywords = {secondary},
  author = {Gilles Deleuze and Félix Guattari},
  title = {A Thousand Plateaus. Capitalism and Schizophrenia},
  publisher = {Continuum International Publishing Group},
  address = {London and New York},
  year = {2004}
}

@book{bakhtin:1981,
  keywords = {secondary},
  author = {Mikhail Bakhtin},
  title = {The Dialogical Imagination},
  editor = {M. Holquist},
  note = {Translation by C. Emerson and M. Holquist},
  publisher = {University of Texas Press},
  address = {Austin, Texas},
  year = {1981}
}

@book{bakhtin:1984,
  keywords = {secondary},
  author = {Mikhail Bakhtin},
  title = {Problems of Dostoevsky’s Poetics},
  year = {1984},
  editor = {Caryl Emerson},
  address = {Minnieapolis},
  publisher = {University of Michigan Press}
}

@book{bakhtin:1986,
  keywords = {secondary},
  author = {Mikhail Bakhtin},
  title = {Speech Genres and Other Late Essays},
  year = {1986},
  editor = {Vern W. McGee},
  address = {Austin, Texas},
  publisher = {University of Texas Press}
}

@article{barabasi:1999,
  keywords = {secondary},
  author = {Barabási, Albert-Laszlo and Albert, Reka},
  title = {Emergence of Scaling in Random Networks},
  journal = {Science},
  number = {5439},
  pages = {509-512},
  volume = {286},
  year = {1999}
}

@article{watts:1998,
  keywords = {secondary},
  title = {Collective dynamics of {\textquoteleft}small-world{\textquoteright} networks},
  author = {Watts, Duncan J. and Strogatz, Steven H.},
  journal = {Nature},
  volume = {393},
  number = {6684},
  pages = {440--442},
  year = {1998},
  publisher = {Nature Publishing Group}
}

@article{humphries:2008,
  keywords = {secondary},
  author = {Humphries, Mark D. and Gurney, Kevin},
  title = {{Network {\textquoteleft}Small-World-Ness{\textquoteright}: A Quantitative Method for Determining Canonical Network Equivalence}},
  journal = {PLoS ONE},
  year = {2008},
  volume = {3},
  number = {4},
  pages = {e0002051--10},
  month = apr
}

@article{milgram:1967,
  keywords = {secondary},
  author = {Stanley Milgram},
  title = {The small world problem},
  journal =  {Psychology Today},
  volume = {2},
  pages = {60--67},
  year = {1967}
}

@incollection{deJong:1987,
  keywords = {secondary},
  author = {Franciska M.G. {De Jong}},
  title = {The Compositional Nature of (In)Definiteness.},
  booktitle = {The Representation of (In)definitenss. Current Studies in Linguistics Series},
  volume = {14},
  year = {1987},
  publisher = {MIT Press},
  address = {Cambridge, Massachusetts},
  pages = {270--285}
}

@book{lyons:1999,
  keywords = {secondary},
  author = {Christopher Lyons},
  title = {Definiteness},
  series = {Cambridge Textbooks in Linguistics},
  publisher = {Cambridge University Press},
  address = {Cambridge},
  year = {1999}
}

@article{carron:2012,
  keywords = {secondary},
  author = {Carron, P{\'a}draig Mac and Kenna, Ralph},
  title = {{Universal properties of mythological networks}},
  journal = {EPL (Europhysics Letters)},
  year = {2012},
  volume = {99},
  number = {2},
  pages = {28002--28007},
}

@article{ravasz:2003,
  keywords = {secondary},
  author = {Ravasz, Erzs{\'e}bet and Barab{\'a}si, Albert-L{\'a}szl{\'o}},
  title = {{Hierarchical organization in complex networks}},
  journal = {Physical Review E},
  year = {2003},
  volume = {67},
  number = {2},
  pages = {026112--7},
}

@article{dorogovtsev:2000,
  keywords = {secondary},
  author = {Dorogovtsev, Sergei and Mendes, Jos{\'e} Fernando},
  title = {{Evolution of reference networks with aging}},
  journal = {Physical Review. E, Statistical Physics, Plasmas, Fluids, And Related Interdisciplinary Topics},
  year = {2000},
  volume = {62},
  number = {2},
  pages = {1842--1845},
}

@article{eom:2011,
  keywords = {secondary},
  author = {Eom, Young-Ho and Fortunato, Santo},
  title = {Characterizing and Modeling Citation Dynamics},
  journal = {{PLoS ONE}},
  year = {2011},
  volume = {6},
  number = {9},
  pages = {e24926--7}
}

@article{Perreault:2012,
  keywords = {secondary},
  author = {Perreault, Charles},
  title = {The Pace of Cultural Evolution},
  journal = {PLoS ONE},
  year = {2012},
  volume = {7},
  number = {9},
  pages = {e45150}
}

@article{beheim:2014,
 keywords = {secondary},
 author = {Beheim, Bret A. and Thigpen, Calvin and McElreath, Richard},
 title = {Strategic social learning and the population dynamics of human behavior: the game of Go},
 year = {2014},
 journal = {Evolution and Human Behavior},
 volume = {35},
 number = {5},
 pages = {351--357}
}

@article{ghirlanda:2014,
  keywords = {secondary},
  author = {Ghirlanda, Stefano and Acerbi, Alberto and Herzog, Harold},
  title = {{Dog Movie Stars and Dog Breed Popularity: A Case Study in Media Influence on Choice}},
  journal = {PLoS ONE},
  year = {2014},
  volume = {9},
  number = {9},
  pages = {e106565--5},
}

@article{isaksson:2015,
  keywords = {secondary},
  author = {Isaksson, Sven and Funcke, Alexander and Envall, Ida and Enquist, Magnus and Lindenfors, Patrik},
  journal = {PLoS ONE},
  title = {A Novel Method to Analyze Social Transmission in Chronologically Sequenced Assemblages, Implemented on Cultural Inheritance of the Art of Cooking},
  year = {2015},
  volume = {10},
  number = {5},
  pages = {e0122092--13},
}

@book{boyd:2010,
  keywords = {secondary},
  editor = {Brian Boyd and Joseph Carroll and Jonathan Gottschall},
  title = {Evolution, Literature, and Film. A Reader},
  publisher = {Columbia University Press},
  address = {New York},
  year = {2010}
}

@article{mesoudi:2015,
  keywords = {secondary},
  author = {Mesoudi, Alex},
  title = {{Cultural Evolution: A Review of Theory, Findings and Controversies}},
  journal = {Evolutionary Biology},
  year = {2015},
  pages = {1--17},
  doi = {10.1007/s11692-015-9320-0}
}

@article{mesoudi:2009,
  keywords = {secondary},
  author = {Mesoudi, Alex},
title = {{How cultural evolutionary theory can inform social psychology and vice versa.}},
  journal = {Psychological Review},
  year = {2009},
  volume = {116},
  number = {4},
  pages = {929--952}
}

@article{eriksson:2012,
  keywords = {secondary},
  author = {Eriksson, Kimmo and Coultas, Julie C.},
  title = {{The Advantage of Multiple Cultural Parents in the Cultural Transmission of Stories}},
  journal = {Evolution and Human Behavior},
  year = {2012},
  volume = {33},
  number = {4},
  pages = {251--259}
}

@article{mesoudiwhiten:2008,
  keywords = {secondary},
  author = {Mesoudi, Alex and Whiten, Andrew},
  title = {{The Multiple Roles of Cultural Transmission experiments in Understanding Human Cultural Evolution}},
  journal = {Philosophical Transactions of the Royal Society B: Biological Sciences},
  year = {2008},
  volume = {363},
  number = {1509},
  pages = {3489--3501},
}

@inproceedings{breithaupt:2015,
  keywords = {secondary},
  author = {Breithaupt, Fritz and Brower, Eleanor and Whaley, Sarah},
  booktitle = {Proceedings of the Computational Models of Narrative Workshop},
  editor = {Finlayson, Mark A. and Miller, Ben and Lieto, Antonio and Ronfard, Rémi},
  pages = {12-22},
  publisher = {Schloss Dagstuhl - Leibniz-Zentrum fuer Informatik},
  series = {OASICS},
  title = {Optimal Eventfulness of Narratives.},
  volume = {45},
  year = {2015}
}

@article{owens:1979,
  keywords = {secondary},
  author = {Owens, Justine and Bower, Gordon},
  title = {{The "soap opera" effect in story recall}},
  journal = {Memory Cognition},
  year = {1979},
  volume = {7},
  number = {3},
  pages = {185--191},
}

@article{diehl:2006,
  keywords = {secondary},
  author = {Diehl, Joshua J and Bennetto, Loisa and Young, Edna Carter},
  title = {Story Recall and Narrative Coherence of High-Functioning Children with Autism Spectrum Disorders},
  journal = {Journal of Abnormal Child Psychology},
  year = {2006},
  volume = {34},
  number = {1},
  pages = {83--98}
}

@article{mesoudiwhiten:2010,
  keywords = {secondary},
  author = {Mesoudi, Alex and Whiten, Andrew and Dunbar, Robin},
  title = {{A bias for social information in human cultural transmission}},
  journal = {British Journal of Psychology},
  year = {2010},
  volume = {97},
  number = {3},
  pages = {405--423}
}

@article{barrett:2004,
  keywords = {secondary},
  author = {Barrett, Justin and Nyhof, Melanie},
  title = {{Spreading Non-natural Concepts: The Role of Intuitive Conceptual Structures in Memory and Transmission of Cultural Materials}},
  journal = {Journal of Cognition and Culture},
  year = {2004},
  volume = {1},
  number = {1},
  pages = {69--100}
}

@article{reysen:2011,
  keywords = {secondary},
  title={The effects of collaboration on recall of social information},
  author={Reysen, Matthew B. and Talbert, Natalie G. and Dominko, Mura and Jones, Amie N. and Kelley, Matthew R.},
  journal={British Journal of Psychology},
  volume={102},
  number={3},
  pages={646--661},
  year={2011},
  publisher={Wiley Online Library}
}

@article{Stubbersfield:2014,
  keywords = {secondary},
  author = {Stubbersfield, Joseph M. and Tehrani, Jamshid J. and Flynn, Emma G.},
  title = {{Serial killers, spiders and cybersex: Social and survival information bias in the transmission of urban legends}},
  journal = {British Journal of Psychology},
  year = {2014},
  volume = {106},
  number = {2},
  pages = {288--307}
}

@article{eriksson:2014,
  keywords = {secondary},
  title={Corpses, maggots, poodles and rats: Emotional selection operating in three phases of cultural transmission of urban legends},
  author={Eriksson, Kimmo and Coultas, Julie C.},
  journal={Journal of Cognition and Culture},
  volume={14},
  number={1--2},
  pages={1--26},
  year={2014},
  publisher={Brill}
}

@article{Upal:2011,
  keywords = {secondary},
  author = {Upal, M. Afzal},
  title = {{Memory, Mystery and Coherence: Does the Presence of 2{\textendash}3 Counterintuitive Concepts Predict Cultural Success of a Narrative?}},
  journal = {Journal of Cognition and Culture},
  year = {2011},
  volume = {11},
  number = {1},
  pages = {23--48}
}

@article{kandler:2013,
  keywords = {secondary},
  title={A non-equilibrium neutral model for analysing cultural change},
  author={Kandler, Anne and Shennan, Stephen},
  journal={Journal of theoretical biology},
  volume={330},
  pages={18--25},
  year={2013},
  publisher={Elsevier}
}

@article {price:1976,
  keywords = {secondary},
  author = {Price, Derek De Solla},
  title = {A general theory of bibliometric and other cumulative advantage processes},
  journal = {Journal of the American Society for Information Science},
  volume = {27},
  number = {5},
  pages = {292--306},
  year = {1976}
}

@unpublished{karsdorp:retelling,
  keywords = {secondary, mywork},
  author = {Folgert Karsdorp},
  year = {under review},
  title = {Why Red Riding Hood ain't what she used to be: gradual accumulation of modification in children's literature},
}

@article{karsdorp:story-networks,
  keywords = {secondary, mywork},
  author = {Folgert Karsdorp and Antal van den Bosch},
  year = {2016},
  title = {The Structure and Evolution of Story Networks},
  journal = {Royal Society Open Science},
  volume = {3},
  pages = {160071},
  url = {http://dx.doi.org/10.1098/rsos.160071}
}

@article{liben-nowell:2008,
  keywords = {secondary},
  author = {David {Liben-Nowell} and Jon Kleinberg},
  title = {Tracing information flow on a global scale using Internet chain-letter data},
  journal = {PNAS},
  volume = {105},
  number = {12},
  year = {2008},
  pages = {4633--4638}}

@article{Perc:2014,
  keywords = {secondary},
  author = {Perc, Matjaž},
  title = {{The Matthew effect in empirical data}},
  journal = {Journal of The Royal Society Interface},
  year = {2014},
  volume = {11},
  number = {98},
  doi = {10.1098/rsif.2014.0378}
}

@article{henrich:2003,
  keywords = {secondary},
  author = {Henrich, Joseph and McElreath, Richard},
  title = {The evolution of cultural evolution},
  journal = {Evolutionary Anthropology: Issues, News, and Reviews},
  volume = {12},
  year = {2003},
  pages = {123--135}
}

@article{Henrich:2008,
  keywords = {secondary},
  author = {Henrich, Joseph and Boyd, Robert and Richerson, Peter J.},
  title = {{Five Misunderstandings About Cultural Evolution}},
  journal = {Human Nature},
  year = {2008},
  volume = {19},
  number = {2},
  pages = {119--137},
}

@article{Mesoudi:2009hx,
  keywords = {secondary},
  author = {Mesoudi, Alex},
  title = {{How cultural evolutionary theory can inform social psychology and vice versa.}},
  journal = {Psychological Review},
  year = {2009},
  volume = {116},
  number = {4},
  pages = {929--952}
}

@article{venrooij:2015,
  keywords = {secondary},
  author = {Alex {Van Venrooij}},
  title = {A community ecology of genres. Explaining the emergence of new genres in the UK field of electronic/dance music, 1985–1999},
  year = {2015},
  journal = {Poetics},
  volume = {52},
  pages = {104--123}
}

@article{Goldberg:2015,
  keywords = {secondary},
  author = {Goldberg, Sophia R. and Anthony, Hannah and Evans, Tim S.},
  title = {{Modelling citation networks}},
  journal = {Scientometrics},
  year = {2015},
  volume = {105},
  number = {3},
  pages = {1577--1604},
}

@article{mark:1998,
  keywords = {secondary},
  author = {Noah Mark},
  title = {Birds of a Feather Sing Together},
  journal = {Social Forces},
  year = {1998},
  volume = {77},
  number = {2},
  pages = {453--485}
}

@book{lieberson:2000,
  keywords = {secondary},
  author = {Stanley Lieberson},
  title = {A matter of taste: How names, fashions, and culture
change},
  year = {2000},
  publisher = {Yale University Press},
  address = {New Haven, CT}
}

@article{Grunst:2014,
  keywords = {secondary},
  author = {Grunst, Andrea S. and Rotenberry, John T. and Grunst, Melissa L.}, 
  title = {Age-dependent relationships between multiple sexual pigments and condition in males and females},
  year = {2014}, 
  doi = {10.1093/beheco/art124}, 
  journal = {Behavioral Ecology} 
}

@article{ramsey:2015,
  keywords = {secondary},
  author = {Ramsey, Grant and {De Block}, Andreas}, 
  title = {Is Cultural Fitness Hopelessly Confused?},
  journal = {The British Journal for the Philosophy of Science} ,
  year = {2015}, 
  doi = {10.1093/bjps/axv047}, 
}

@article{Badham:2013,
  keywords = {secondary},
  author = {Badham, Jennifer M.},
  title = {Commentary: Measuring the shape of degree distributions},
  journal = {Network Science},
  volume = {1},
  number = {2},
  year = {2013},
  pages = {213--225},
}

@article{Norenzayan:2006,
  keywords = {secondary},
  author = {Ara Norenzayan and Scott Atran and Jason Faulkner and Mark Schaller},
  title = {Memory and Mystery: The Cultural Selection of Minimally Counterintuitive Narratives},
  journal = {Cognitive Science},
  volume = {30},
  pages = {531--553},
  year = {2006}
}

@incollection{Norenzayan:2004,
  keywords = {secondary},
  author = {Ara Norenzayan and Scott Atran},
  title = {Cognitive and emotional processes in the cultural transmission of natural and nonnatural beliefs},
  booktitle = {The Psychological Foundations of Culture},
  editor = {Schaller, M. and Crandall, C.},
  year = {2004},
  pages = {149--169},
  address = {Hillsdale, NJ},
  publisher = {Lawrence Erlbaum}
}

@article {daSilva:2016,
  keywords = {secondary},
  author = {{Da Silva}, Sara Gra{\c c}a and Tehrani, Jamshid J.},
  title = {Comparative phylogenetic analyses uncover the ancient roots of Indo-European folktales},
  volume = {3},
  number = {1},
  year = {2016},
  doi = {10.1098/rsos.150645},
  publisher = {The Royal Society},
  journal = {Royal Society Open Science}
}

@book{sinninghe:1978,
  keywords = {primary},
  author = {Jacques Sinninghe},
  title = {Volkssprookjes uit Nederland en Vlaanderen},
  publisher = {Kruseman},
  year = {1978},
  address = {Den Haag, The Netherlands}
}

@article{sklearn:2011,
  keywords = {secondary},
  author = {Pedregosa, F. and Varoquaux, G. and Gramfort, A. and
            Michel, V.  and Thirion, B. and Grisel, O. and
            Blondel, M. and Prettenhofer, P.  and Weiss, R. and
            Dubourg, V. and Vanderplas, J. and Passos, A. and
            Cournapeau, D. and Brucher, M. and Perrot, M. and
            Duchesnay, E.},
 title= {Scikit-Learn: Machine Learning in {P}ython},
 journal = {Journal of Machine Learning Research},
 volume = {12},
 pages = {2825--2830},
 year = {2011}
}

@book{rijsbergen:1979,
  keywords = {secondary},
  author = {{Van Rijsbergen}, Cornelis},
  year = {1979},
  title = {Information Retrieval},
  publisher = {Butterworths},
  address = {London}
}

@inproceedings{evans:2000,
  keywords = {secondary},
  author = {Richard Evans and Constantin Or\u{a}san},
  title = {Improving anaphore resolution by identifying animate entities in texts},
  booktitle = {Proceedings of the Discourse Anaphora and Reference Resolution Conference},
  pages = {154--162},
  year = {2000}
}

@InProceedings{orasan:2001,
  keywords = {secondary},
  author =   {Constantin Or\u{a}san and Richard Evans},
  title =  {Learning to identify animate references},
  editor =   {Walter Daelemans and R{\'e}mi Zajac},
  booktitle =  {Proceedings of CoNLL-2001},
  address =  {Toulouse, France},
  pages =  {129--136},
  year =   {2001},
}

@article{orasan:2007,
  keywords = {secondary},
  author =       {Constantin Or\u{a}san and Richard Evans},
  title =        {NP animacy identification for anaphora resolution},
  journal =      {Journal of Artificial Intelligence Research},
  volume =       {29},
  pages =        {79--103},
  year =         {2007}
}

@inproceedings{bowman:2012,
  keywords = {secondary},
  author = {Samuel Bowman and Harshit Chopra},
  title = {Automatic animacy classification},
  booktitle = {Proceedings of the NAACL - HLT 2012 Student Research Workshop},
  year = {2012}
}

@book{dennett:1996,
  keywords = {secondary},
  author = {Daniel Dennett},
  title = {The Intentional Stance},
  publisher = {The MIT Press},
  address = {Cambridge, Massachusetts},
  year = {1996}
}

@article{bloem:2013,
  keywords = {secondary},
  author = {Jelke Bloem and Gosse Bouma},
  title = {Automatic animacy classification for {D}utch},
  journal = {Computational Linguistics in the Netherlands Journal},
  volume = {3},
  year = {2013},
  pages = {82--102}
}

@inproceedings{moore:2013,
  keywords = {secondary},
  author = {Joshua Moore and Christopher Burges and Erin Renshaw and Wen-tau Yih},
  title = {Animacy Detection with Voting Models},
  booktitle = {Proceedings of the 2013 Conference on Empirical Methods in Natural Language Processing},
  pages = {55--60},
  year = {2013}
}
  
@InProceedings{ovrelid:2009,
  keywords = {secondary},
  author = {Lilja Øvrelid},
  title = {Empirical evaluations of animacy annotation},
  booktitle = {Proceedings of the 12th Conference of the European Chapter of the Association for Computational Linguistics (EACL)},
  year = {2009}
} 

@InProceedings{ovrelid:2006,
  keywords = {secondary},
  author = {Lilja Øvrelid},
  title = {Towards robust animacy classification using morphosyntactic distributional features},
  booktitle = {Proceedings of the {EACL} 2006 {S}tudent {R}esearch {W}orkshop},
  pages = {47--54},
  year = {2006}
} 

@InProceedings{ovrelid:2005,
  keywords = {secondary},
  author = {Lilja Øvrelid},
  title = {Animacy classification based on morphosyntactic corpus frequencies: Some experiments with {N}orwegian nouns},
  booktitle = {Proceedings of the {W}orkshop on {E}xploring {S}yntactically {A}nnotated {C}orpora},
  pages = {24--34},
  year = {2005},
  editor = {Kiril Simov and Dimitar Kazakov and Petya Osenova}
} 

@InProceedings{ovrelid:2008,
  keywords = {secondary},
  author = {Lilja Øvrelid},
  title = {Linguistic features in data-driven dependency parsing},
  booktitle = {Proceedings of the {C}onference on {C}omputational {N}atural {L}anguage {L}earning ({CoNLL} 2008)},
  year = {2008}
} 

@InProceedings{ovrelid:2004,
  keywords = {secondary},
  author = {Lilja Øvrelid},
  title = {Disambiguation of syntactic functions in {N}orwegian: Modeling variation in word order interpretations conditioned by animacy and definiteness},
  booktitle = {Proceedings of the 20th {S}candinavian {C}onference of {L}inguistics},
  year = {2004},
  editor = {Fred Karlsson},
}

@Inproceedings{karsdorp:2012b,
  keywords = {secondary, mywork},
  author = {Folgert Karsdorp and Peter {Van Kranenburg} and Theo Meder and Antal {van den Bosch}},
  title = {Casting a Spell: Indentification and Ranking of Actors in Folktales},
  editor = {Mambrini, F and Passarotti, M and Sporleder, C},
  booktitle = {Proceedings of the Second Workshop on Annotation of Corpora for Research in het Humanities (ACRH-2)},
  year = {2012},
  pages = {39--50}
}
  
@Inproceedings{ji:2009,
  keywords = {secondary},
  author = {Heng Ji and Dekang Lin},
  title = {Gender and animacy knowledge discovery from web-scale N-grams for unsupervised person mention detection},
  booktitle = {Proceedings of the 23rd Pacific Asia Conference on Language, Information and Computation},
  year = {2009}
}

@article{smedt:2012,
  keywords = {secondary},
  author = {Tom {De Smedt} and Walter Daelemans},
  title = {Pattern for {P}ython},
  year = {2012},
  pages = {2031--2035},
  volume = {13},
  journal = {Journal of Machine Learning Research}
}

@article{bouma:2001,
  keywords = {secondary},
  title = {Alpino: Wide-coverage computational analysis of Dutch},
  author = {Gosse Bouma and Gertjan {Van Noord} and Robert Malouf},
  journal = {Language and Computers},
  volume = {37},
  number = {1},
  pages = {45--59},
  year = {2001},
  publisher = {Rodopi}
}

@inproceedings{schaefer:2012,
  keywords = {secondary},
  author = {Roland Sch\"afer and Felix Bildhauer},
  title = {Building Large Corpora from the Web Using a New Efficient Tool Chain},
  year =  {2012},
  pages = {486--493},
  crossref = {LREC:2012},
  booktitle = {Proceedings of the Eighth International Conference on Language Resources and Evaluation (LREC'12)}
}

@proceedings{LREC:2012,
  keywords = {secondary},
  title = {Proceedings of the Eighth International Conference on Language Resources and Evaluation (LREC'12)},
  year = {2012},
  editor = {Nicoletta Calzolari and Khalid Choukri and Thierry
                  Declerck and Mehmet U\u{g}ur Do\u{g}an and Bente
                  Maegaard and Joseph Mariani and Jan Odijk and
                  Stelios Piperidis},
  address = {Istanbul},
  publisher = {ELRA},
  booktitle = {Proceedings of the Eight International Conference on
                  Language Resources and Evaluation (LREC'12)}
}  

@inproceedings{mikolov:2013,
  keywords = {secondary},
  author = {Tomas Mikolov and Kai Chen and Greg Corrado and
                  Jeffrey Dean},
  title = {Efficient Estimation of Word Representations in
                  Vector Space},
  booktitle = {Proceedings of Workship at ICLR},
  year = {2013},
}

@article{opfer:2002,
  keywords = {secondary},
  author = {John Opfer},
  title = {Identifying living and sentient kinds from dynamic information: The case of goal-directed versus aimless autonomous movement in conceptual change},
  journal = {Cognition},
  volume = {86},
  number = {2},
  year = {2002},
  pages = {97--122}
}

@article{gao:2012,
  keywords = {secondary},
  author = {Tao Gao and Brian Scholl and Gregory McCarthy},
  title = {Dissociating the detection of intentionality from animacy in the right posterior superior temporal sulcus},
  year = {2012},
  journal = {The Journal of neuroscience: the official journal of the Society for Neuroscience},
  volume = {32},
  number = {41},
  pages = {14276--14280}
}
  
@article{lee:2013,
  keywords = {secondary},
  author = {Heeyoung Lee and Angel Chang and Yves Peirsman and Nathanael Chambers and Mihai Surdeanu and Dan Jurafsky},
  title = {Deterministic coreference resolution based on entity-centric, precision-ranked rules},
  journal = {Computational Linguistics},
  volume = {39},
  number = {4},
  year = {2013},
  pages = {885--916}
}

@InProceedings{ovr:niv:2007,
  keywords = {secondary},
  author = {Lilja Øvrelid and Joakim Nivre},
  title = {When word order and part-of-speech tags are not enough -- {S}wedish dependency parsing with rich linguistic features},
  booktitle = {Proceedings of the {I}nternational {C}onference on {R}ecent {A}dvances in {N}atural {L}anguage {P}rocessing ({RANLP})},
  pages = {447-451},
  year = {2007}
} 

@article{nieuwland:2005,
  keywords = {secondary},
  author = {Mante S. Nieuwland and Jos J. A. {Van Berkum}},
  title = {When {P}eanuts {F}all in {L}ove: {N}400 {E}vidence for the {P}ower of {D}iscourse},
  journal = {Journal of Cognitive Neuroscience},
  volume = {18},
  number = {7},
  pages = {1098-1111},
  year = {2005}
}

@article{vogels:2013,
  keywords = {secondary},
  author = {Jorrig Vogels and Emiel Krahmer and Alfons Maes},
  title = {When a stone tries to climb up a slope: the interplay between lexical and perceptual animacy in referential choices},
  journal = {Frontiers in Psychology},
  volume = {4},
  number = {154},
  pages = {1-15},
  year = {2013}
}

@book{comrie:1989,
  keywords = {secondary},
  author = {Bernard Comrie},
  title = {Language Universals and Linguistic Typology},
  publisher = {University of Chicago Press},
  edition = {2},
  year = {1989},
  address = {Chicago}
}

@article{rosenbach:2008,
  keywords = {secondary},
  author = {Anette Rosenbach},
  title = {Animacy and grammatical variation – findings from English genitive variation},
  journal = {Lingua},
  volume = {118},
  number = {2},
  year = {2008},
  pages = {151-171}
}

@inproceedings{pennington:2014,
  keywords = {secondary},
  author = {Jeffrey Pennington and Richard Socher and Christopher D. Manning},
  title = {GloVe: Global Vectors for Word Representation},
  booktitle = {Proceedings of The 2014 Conference on Empirical Methods in Natural Language Processing},
  year = 2014,
  pages = {1532--1543},
  address = {Doha, Qatar},
}

@Article{meder:2010,
  keywords = {secondary},
  title = {From a Dutch Folktale Database towards an International Folktale Database},
  author = {Theo Meder},
  year = {2010},
  journal = {Fabula},
  volume = {51},
  number = {1--2},
  pages = {6--22}
}

@Article{maaten:2008,
  keywords = {secondary},
  title = {Visualizing High-Dimensional Data Using t-SNE},
  author = {Laurens {Van der Maaten} and Geoffrey Hinton},
  journal = {Journal of Machine Learning Research},
  pages = {2579--2605},
  year = {2008}
}

@inproceedings{Kulis:2012,
  keywords = {secondary},
  author = {Kulis, Brian and Jordan, Michael I.},
  title = {{Revisiting k-means: New Algorithms via Bayesian Nonparametrics}},
  booktitle = {Proceedings of the 29th International Conference on Machine Learning (ICML-12)},
  year = {2012},
  pages = {513--520}
}

@inproceedings{stenetorp:2012,
  keywords = {secondary},
  author = {Pontus Stenetorp and Sampo Pyysalo and Goran Topić and Tomoko Ohta and Sophia Ananiadou and {Jun'ichi} Tsujii},
  title = {BRAT: a Web-based Tool for NLP-Assisted Text Annotation},
  year = {2012},
  booktitle = {Proceedings of the 13th Conference of the European Chapter of the Association for Computational Linguistics},
  pages = {102--107}
}

@article{Karsdorp:2013tk,
  keywords = {secondary, mywork},
  author = {Karsdorp, Folgert},
  title = {{Het is groen en leeft nog lang en gelukkig. Classificatie van volksverhaalgenres op basis van formules}},
  journal = {Tijdschrift voor Nederlands Taal- en Letterkunde},
  year = {2013},
  volume = {129},
  number = {4},
  pages = {274--288},
}

@article{Heath:2001,
  keywords = {secondary},
  author = {Heath, Chip and Bell, Chris and Sternberg, Emily},
  title = {{Emotional Selection in Memes: The Case of Urban Legends}},
  journal = {Journal of Personality and Social Psychology},
  year = {2001},
  volume = {81},
  number = {6},
  pages = {1028--1041}
}

@article{church:1990,
  keywords = {secondary},
  author = {Church, Kenneth Ward and Hanks, Patrick},
  title = {{Word Association Norms, Mutual Information, and Lexicography}},
  journal = {Computational Linguistics},
  year = {1990},
  volume = {16},
  number = {1},
  pages = {22--29},
}

@article{fisher:1922,
  keywords = {secondary},
  author = {Ronald Fisher},
  title = {On the Interpretation of $\chi^2$ from Contingency Tables, and the Calculation of P},
  journal = {Journal of the Royal Statistical Society},
  volume = {85},
  number = {1},
  year = {1922},
  pages = {87--94}
}

@article{dunning:1993,
  keywords = {secondary},
  author = {Ted Dunning},
  title = {Accurate methods for the statistics of surprise and coincidence},
  journal = {Computational Linguistics},
  volume = {19},
  number = {1},
  pages = {61--74},
  year = {1993}
}

@article{barnard:1945,
  keywords = {secondary},
  author = {George Alfred Barnard},
  title = {A New Test for $2 \times 2$ Tables},
  journal = {Nature},
  volume = {156},
  number = {3954},
  pages = {156 -- 177},
  year = {1945}
}

@article{Lyons:2006,
  keywords = {secondary},
  author = {Lyons, Anthony and Kashima, Yoshihisa},
  title = {{Maintaining stereotypes in communication: Investigating memory biases and coherence-seeking in storytelling}},
  journal = {Asian Journal Of Social Psychology},
  year = {2006},
  volume = {9},
  number = {1},
  pages = {59--71},
}

@article{HarmonVukic:2009,
  keywords = {secondary},
  author = {Harmon-Vuki{\'c} and Slone, D. Jason},
  title = {{The Effect of Integration on Recall of Counterintuitive Stories}},
  journal = {Journal of Cognition and Culture},
  year = {2009},
  volume = {9},
  number = {1},
  pages = {57--68},
}

@article{Barrett:2009,
  keywords = {secondary},
  author = {Barrett, Justin and Burdett, Emily Reed and Porter, Tenelle},
  title = {Counterintuitiveness in Folktales: Finding the Cognitive Optimum},
  journal = {Journal of Cognition and Culture},
  year = {2009},
  volume = {9},
  number = {3},
  pages = {271--287},
}

@article{Upal:2007,
  keywords = {secondary},
  author = {Upal, M. Afzal and Gonce, Lauren O. and Tweney, Ryan D. and Slone, D. Jason},
  title = {{Contextualizing Counterintuitiveness: How Context Affects Comprehension and Memorability of Counterintuitive Concepts}},
  journal = {Cognitive Science},
  year = {2007},
  volume = {31},
  number = {3},
  pages = {415--439},
}

@article{mesoudi:2006,
  keywords = {secondary},
  author = {Alex Mesoudi and Andrew Whiten and Robin Dunbar},
  title = {A bias for social information in human cultural transmission},
  journal = {British Journal of Psychology},
  volume = {97},
  number = {3},
  year = {2006},
  pages = {405--423}
}

@book{boyer:2001,
  keywords = {secondary},
  author = {Pascal Boyer},
  title = {Religion explained. The evolutionary origins of religious thought},
  publisher = {Basic Books},
  address = {New York},
  year = {2001}
}

@article{Barrett:2008,
  keywords = {secondary},
  author = {Barrett, Justin},
  title = {{Coding and Quantifying Counterintuitiveness in Religious Concepts: Theoretical and Methodological Reflections}},
  journal = {Method {\&} Theory in the Study of Religion},
  year = {2008},
  volume = {20},
  number = {4},
  pages = {308--338},
}

@book{koman:2008,
  keywords = {secondary},
  title = {Resultaten Sprookjesenquete},
  publisher = {Efteling; DOC Volksverhaal},
  author = {Ruben A. Koman and Theo Meder},
  year = {2008},
  booktitle = {Marktonderzoek Efteling},
  address = {Kaatsheuvel, Amsterdam}
}

@article{Loewenstein:2009,
  keywords = {secondary},
  author = {Loewenstein, Jeffrey and Heath, Chip},
  title = {The Repetition-Break plot structure: A cognitive influence on selection in the marketplace of ideas},
  journal = {Cognitive Science},
  year = {2009},
  volume = {33},
  pages = {1--19}
}

@article{Loewenstein:2011,
  keywords = {secondary},
  author = {Jeffrey Loewenstein and Rajagopal Raghunathan and Chip Heath},
  title = {The Repetition-Break Plot Structure Makes Effective Television Advertisements},
  journal = {Journal of Marketing},
  year = {2011},
  volume = {75},
  number = {5},
  pages = {105--119}
}

@InProceedings{karsdorp:2015a,
  keywords = {secondary, mywork},
  author =  {Folgert Karsdorp and Marten van der Meulen and Theo Meder and Antal van den Bosch},
  title = {{Animacy Detection in Stories}},
  booktitle = {6th Workshop on Computational Models of Narrative (CMN 2015)},
  pages = {82--97},
  series =  {OpenAccess Series in Informatics (OASIcs)},
  year =  {2015},
  volume =  {45},
  editor =  {Mark A. Finlayson and Ben Miller and Antonio Lieto and Remi Ronfard},
  publisher = {Schloss Dagstuhl--Leibniz-Zentrum fuer Informatik},
  address = {Dagstuhl, Germany},
  doi =   {http://dx.doi.org/10.4230/OASIcs.CMN.2015.82},
}

@incollection{kandler:2015,
  keywords = {secondary},
  author = {Anne Kandler and Adam Powell},
  title = {Inferring Learning Strategies from Cultural Frequency Data},
  booktitle = {Learning Strategies and Cultural Evolution during the Palaeolithic},
  editor = {Alex Mesoudi and Kenichi Aoki},
  year = {2015},
  publisher = {Springer Japan},
  address = {Tokyo},
  pages = {85--101},
}

@article{ramsey:2015,
author = {Ramsey, Grant and De Block, Andreas}, 
title = {Is Cultural Fitness Hopelessly Confused?},
journal = {The British Journal for the Philosophy of Science} ,
year = {2015}, 
doi = {10.1093/bjps/axv047}, 
}

@article{karsdorp:2015b,
  keywords = {secondary, mywork},
  author = {Folgert Karsdorp and Marten van der Meulen and Theo Meder and Antal van den Bosch},
  title = {MOMFER: A Search Engine of Thompson's Motif-Index of Folk Literature},
  journal = {Folklore},
  volume = {126},
  number = {1},
  pages = {37-52},
  year = {2015},
  doi = {10.1080/0015587X.2015.1006954}    
}

@book{aarne:1910,
  keywords = {secondary},
  author = {Antti Aarne},
  title = {Verzeichnis Der Märchentypen [Catalogue of folktale types]},
  series = {Folklore Fellows Communications},
  volume = {3},
  publisher = {Academia Scientarium Fennica},
  address = {Helsinki},
  year = {1910}
}

@book{aarne:1928,
  keywords = {secondary},
  author = {Antti Aarne},
  title = {The Types of the Folktale},
  series = {Folklore Fellows Communications},
  volume = {74},
  publisher = {Academia Scientarium Fennica},
  address = {Helsinki},
  year = {1928}
}

@book{baughman:1966,
  keywords = {secondary},
  author = {Baughman, Ernest W.},
  title = {Type and Motif-Index of the Folktales of England and North America},
  publisher = {Mouton},
  series = {Indiana University Folklore Series},
  volume = {20},
  year = {1966},
  address = {The Hague}
}

@thesis{bell:2009,
  keywords = {secondary},
  author = {Sita Bell},
  title = {Anti-Semitic Folklore Motif Index},
  year = {2009},
  url = {http:// digitalcommons.usu.edu/etd/299},
  address = {Utah State University},
  note = {Master's thesis}
}

@book{ben-amons:2006,
  keywords = {primary},
  author = {Dan {Ben-Amos}},
  title = {Folktales of the Jews. 3 vols.},
  address = {Philadelphia},
  publisher = {Jewish Publication Society},
  year = {2006}
}

@book{berlin:1969,
  keywords = {secondary},
  author = {Brent Berlin and Paul Kay},
  title = {Basic Color Terms: Their Universality and Evolution},
  publisher = {University of California Press},
  address = {Berkeley},
  year = {1969}
}

@article{bolton:1979,
  keywords = {secondary},
  author = {Ralph Bolton and Diane Crisp},
  title = {Color Terms in Folk Tales: A Cross-Cultural Study},
  journal = {Cross-Cultural Research},
  volume = {14},
  number = {4},
  year = {1979},
  pages = {231--253}
}

@book{childers:1977,
  keywords = {secondary},
  author = {Childers, James Wesley},
  title = {Tales from Spanish Picaresque Novels: A Motif Index},
  publisher = {State University of New York Press},
  address = {New York},
  year = {1977}
}

@book{crooke:2002,
  keywords = {primary},
  author = {William Crooke and Pandit Pam Gharib Chaube},
  title = {Folktales from Northern India},
  address = {Santa Barbara, California},
  publisher = {ABC-CLIO},
  year = {2002}
}

@incollection{declerck:2011,
  keywords = {secondary},
  author = {Thierry Declerck and Piroska Lendvai},
  title = {Linguistic and Semantic Representation of the Thompson’s Motif- Index of Folk-Literature},
  booktitle = {Research and Advanced Technology for Digital Libraries},
  editor = {S. Gradmann and F. Borri and C. Meghini and H. Schuldt},
  series = {Lecture Notes in Computer Science},
  volume = {6966},
  address = {Berlin},
  publisher = {Springer},
  year = {2011},
  pages = {151--158}
}

@book{el-shamy:1980,
  keywords = {primary},
  author = {Hasan {El-Shamy}},
  title = {Folktales of Egypt},
  publisher = {University of Chicago Press},
  address = {Chicago},
  year = {1980}
}

@article{el-shamy:1988,
  keywords = {secondary},
  author = {Hasan {El-Shamy}},
  title = {A Type Index for Tales of the Arab World},
  journal = {Fabula},
  volume = {29},
  number = {1/2},
  year = {1988},
  pages = {150--163}
}

@incollection{el-shamy:1990,
  keywords = {secondary},
  author = {Hasan {El-Shamy}},
  title = {Oral Traditional Tales and the Thousand Nights and a Night: The Demographic Factor},
  booktitle = {The Telling of Stories: Approaches to a Traditional Craft},
  editor = {Morton Nøjgaard and J. de Mylius and I. Piø and Bengt Holbeck},
  pages = {63--117},
  address = {Odense},
  publisher = {Odense University Press},
  year = {1990}
}

@book{el-shamy:1995,
  keywords = {secondary},
  author = {Hasan {El-Shamy}},
  title = {Folk Traditions of the Arab World: A Guide to Motif Classification},
  address = {Bloomington},
  publisher = {Indiana University Press},
  year = {1995},
}

@incollection{fellbaum:2005,
  keywords = {secondary},
  author = {Fellbaum, Christiane},
  title = {WordNet(s)},
  booktitle = {Encyclopedia of Language and Linguistics},
  edition = {2},
  editor = {Keith Brown},
  pages = {665--670},
  address = {Oxford},
  publisher = {Elsevier},
  year = {2005}
}

@book{flowers:1980,
  keywords = {secondary},
  author = {Helen Leneva Flowers},
  title = {A Classification of the Folk Tale of the West Indies by Types and Motifs},
  publisher = {Arno},
  year = {1980},
  address = {New York},
}

@book{goldberg:1998,
  keywords = {secondary},
  author = {Harriet Goldberg},
  title = {Motif-Index of Medieval Spanish Folk Narratives},
  year = {1998},
  address = {Tempe},
  publisher = {AZ},
  series = {Medieval \& Renaissance Texts \& Studies}
}

@article{hemming:2012,
  keywords = {secondary},
  author = {Jessica Hemming},
  title = {Red, White, and Black in Symbolic Thought: The Tricolour Folk Motif, Colour Naming, and Trichromatic Vision},
  journal = {Folklore},
  volume = {123},
  number = {3},
  year = {2012},
  pages = {310--329}
}

@book{ideka:1971,
  keywords = {secondary},
  author = {Ikeda, Hireko},
  title = {A Type and Motif Index of Japanese Folk-Literature},
  series = {Folklore Fellows Communications},
  volume = {209},
  publisher = {Academia Scientarium Fennica},
  address = {Helsinki},
  year = {1971}
}

@book{jason:2000,
  keywords = {secondary},
  author = {Heda Jason},
  title = {Motif, Type and Genre: A Manual for Compilation of Indices and a Bibliography of Indices and Indexing},
  publisher = {Suomalainen Tiedeakatemia},
  address = {Helsinki},
  year = {2000}
}

@book{kirtley:1977,
  keywords = {secondary},
  author = {Kirtley, Bacil F.},
  title = {A Motif Index of Traditional Polynesian Narratives},
  address = {Honolulu},
  publisher = {University of Hawai'i Press},
  year = {1977}
}

@article{legman:1962,
  keywords = {secondary},
  author = {Legman, Gershon},
  title = {Toward a Motif-Index of Erotic Humor},
  journal = {The Journal of American Folklore},
  volume = {75},
  number = {297},
  year = {1962},
  pages = {227--248}
}

@article{lenat:1995,
  keywords = {secondary},
  author = {Doug Lenat and George Miller and Toshio Yokoi},
  title = {CYC, WordNet, and EDR: Critiques and Responses},
  journal = {Communications of the ACM},
  volume = {38},
  number = {11},
  year = {1995},
  pages = {33--38}
}

@article{lundell:1983,
  keywords = {secondary},
  author = {Lundell, Torborg},
  title = {Folktale Heroines and the Type and Motif Indexes},
  journal = {Folklore},
  volume = {94},
  number = {2},
  year = {1983},
  pages = {240--246}
}

@incollection{lundell:1989,
  keywords = {secondary},
  author = {Lundell, Torborg},
  title = {Gender-Related Biases in the Type and Motif Indexes of Aarne and Thompson},
  booktitle = {Fairy Tales and Society: Illusion, Allusion, and Paradigm},
  editor = {Ruth B. Bottigheimer},
  pages = {149--163},
  address = {Philadelphia},
  publisher = {University of Pennsylvania Press},
  year = {1989}
}

@book{meder:2000,
  keywords = {primary},
  author = {Theo Meder},
  title = {De Magische Vlucht. Nederlandse Volksverhalen uit de Collectie van het Meertens Instituut [The magic flight. Dutch folktales from the collection of the Meertens Institute]},
  address = {Amsterdam},
  publisher = {Uitgeverij Bert Bakker},
  year = {2000}
}

@book{neuland:1981,
  keywords = {secondary},
  author = {Neuland, Lena},
  title = {Motif-Index of Latvian Folktales and Legends},
  series = {Folklore Fellows Communications},
  volume = {229},
  address = {Helsinki},
  publisher = {Academia Scientarium Fennica},
  year = {1981},
}

@book{slone:2001,
  keywords = {primary},
  author = {Slone, Thomas H.},
  title = {One Thousand One Papua New Guinean Nights. Folktales from Wantok Newspaper},
  volume = {1: Tales from 1972–1985},
  address = {Oakland, California},
  publisher = {Masalai},
  year = {2001}
}

@article{smith:1994,
  keywords = {secondary},
  author = {Allen Smith},
  title = {JAL Guide to Software, Courseware and CD-ROM: Stith Thompson’s Motif-Index of Folk
Literature},
  journal = {Journal of Academic Librarianship},
  volume = {20},
  number = {4},
  year = {1994},
  pages = {255}
}

@book{thompson:1932,
  keywords = {secondary},
  author = {Stith Thompson},
  title = {Motif-Index of Folk-Literature. A Classification of Narrative Elements in Folk-Tales, Ballads, Myths, Fables, Mediaeval Romances, Exempla, Fabliaux, Jest-Books, and Local Legends},
  year = {1932--1936},
  address = {Bloomington},
  publisher = {Indiana University Press}
}

@book{thompson:1955,
  keywords = {secondary},
  author = {Stith Thompson},
  title = {Motif-Index of Folk-Literature: A Classification of Narrative Elements in Folktales, Ballads, Myths, Fables, Mediaeval Romances, Exempla, Fabliaux, Jestbooks, and Local Legends},
  year = {1955--1958},
  edition = {revised and enlarged},
  address = {Bloomington},
  publisher = {Indiana University Press}
}

@book{thompson:1993,
  keywords = {secondary},
  author = {Stith Thompson},
  title = {Motif-Index of Folk-Literature: A Classification of Narrative Elements in Folktales, Ballads, Myths, Fables, Mediaeval Romances, Exempla, Fabliaux, Jestbooks, and Local Legends},
  address = {Bloomington},
  publisher = {Indiana University Press},
  year = {1993},
  note = {CD-ROM}
}

@book{thompson:1977,
  keywords = {secondary},
  author = {Stith Thompson},
  title = {The Folktale},
  edition = {2},
  address = {Berkley, Los Angeles \& London},
  publisher = {University of California Press},
  year = {1977}
}

@InProceedings{toutanova:2003,
  keywords = {secondary},
  author = {Kristina Toutanova and Dan Klein and Christopher Manning and Yoram Singer},
  title = {Feature-Rich Part-of-Speech Tagging with a Cyclic Dependency Network},
  booktitle = {Proceedings of HLT-NAACL 2003},
  address = {Stroudsburg, PA},
  publisher = {Association for Computational Linguistics},
  year = {2003},
  url = {http://nlp.standford.edu/kristina/papers/tagging.pdf}
}

@article{uther:1996,
  keywords = {secondary},
  author = {{Hans-Jörg} Uther},
  title = {Type- and Motif-Indices 1980–1995: An Inventory},
  journal = {Asian Folklore Studies},
  volume = {55},
  number = {2},
  year = {1996},
  pages = {299--317}
}

@book{wilks:1996,
  keywords = {secondary},
  author = {Yorick Wilks and Brian M. Slator and Louise Guthrie},
  title = {Electronic Words: Dictionaries, Computers, and Meanings},
  address = {Cambridge, Massachusetts},
  publisher = {MIT Press},
  year = {1996}
}

@article{voigt:1999,
  keywords = {secondary},
  author = {Vilmos Voigt and Michael Preminger and L\'aszl'o L\'adi and S\'andor Dar\'any},
  title = {Automated Motif Identification in Folklore Text},
  journal = {Folklore. An Electronic Journal of Folklore},
  year = {1999},
  volume = {12},
  pages = {126--141},
}

@InProceedings{hiemstra:2004,
  keywords = {secondary},
  author = {Djoerd Hiemstra and Stephen Robertson and Hugo Zaragoza},
  title = {Parsimonious language models for information retrieval},
  booktitle = {SIGIR '04 Proceedings of the 27th annual international ACM SIGIR conference on Research and development in information retrieval},
  pages = {178--185},
  year = {2004},
}

@InProceedings{karsdorp:2013,
  keywords = {secondary, mywork},
  author = {Folgert Karsdorp and Antal {van den Bosch}},
  title = {Identifying motifs in folktales using topic models},
  booktitle = {Proceedings of BENELEARN 2013},
  pages = {41--49},
  year = {2013},
  address = {Nijmegen, The Netherlands},
}

@article {barre:2012,
keywords = {secondary},
author = {La Barre, Kathryn A. and Tilley, Carol L.},
title = {The elusive tale: leveraging the study of information seeking and knowledge organization to improve access to and discovery of folktales},
journal = {Journal of the American Society for Information Science and Technology},
volume = {63},
number = {4},
issn = {1532-2890},
url = {http://dx.doi.org/10.1002/asi.21710},
pages = {687--701},
year = {2012},
}

@article{abello:2012,
 keywords = {secondary},
 author = {Abello, James and Broadwell, Peter and Tangherlini, Timothy R.},
 title = {Computational folkloristics},
 journal = {Commununications ACM},
 volume = {55},
 number = {7},
 year = {2012},
 pages = {60--70},
 url = {http://doi.acm.org/10.1145/2209249.2209267},
 publisher = {ACM},
 address = {New York, NY, USA},
}

@article{tsoumakas:2007,
  keywords = {secondary},
  author = {Grigorios Tsoumakas and Ioannis Katakis},
  title = {Multi-label classification: An overview},
  journal = {International Journal of Data Warehousing and Mining},
  year = {2007},
  volume = {3},
  number = {3},
  pages = {1--13}
}

@article{meder:2016,
  keywords = {secondary, mywork},
  author = {Meder, Theo and Karsdorp, Folgert and Nguyen, Dong and Theune, Mariët and Trieschnigg, Dolf and Muiser, Iwe},
  title = {Automatic Enrichment and Classification of Folktales in the Dutch Folktale Database},
  journal = {Journal of American Folklore},
  volume = {129},
  number = {511},
  year = {2016},
  pages = {78--96}
}

@Inbook{tsoumakas:2010,
  keywords = {secondary},
  author = {Tsoumakas, Grigorios and Katakis, Ioannis and Vlahavas, Ioannis},
  editor = {Maimon, Oded and Rokach, Lior},
  title = {Mining Multi-label Data},
  booktitle = {Data Mining and Knowledge Discovery Handbook},
  year= {2010},
  publisher = {Springer US},
  address={Boston, MA},
  pages={667--685}
}

@article{rubin:2012,
  keywords = {secondary},
  author = {Timothy N. Rubin and America Chambers and Padhraic Smyth and Mark Steyvers},
  title = {Statistical topic models for multi-label document classification},
  journal = {Machine Learning},
  year = {2012},
  volume = {88},
  number = {1},
  pages= {157--208}
}

@book{hutcheon:2013,
  keywords = {secondary},
  author = {Linda Hutcheon},
  title = {A Theory of Adaptation},
  address = {New York, London},
  publisher = {Routledge},
  year = {2013}
}

@book{sanders:2006,
  keywords = {secondary},
  author = {Julie Sanders},
  title = {Adaptation and Appropriation},
  address = {London, New York},
  publisher = {Routledge},
  year = {2006}
}

@book{sperber:1996,
  keywords = {secondary},
  author = {Dan Sperber},
  title = {Explaining Culture. A Naturalistic Approach},
  year = {1996},
  publisher = {Blackwell Publishing},
  address = {Oxford}
}

@thesis{mesoudi:2005,
  keywords = {secondary},
  author = {Alex Mesoudi},
  title = {The Transmission and Evolution of Human Culture},
  year = {2005},
  publisher = {University of St. Andrews}
}

@article{kandler:2015b,
  keywords = {secondary},
  author = {Kandler, Anne and Shennan, Stephen},
  title = {{A generative inference framework for analysing patterns of cultural change in sparse population data with evidence for fashion trends in LBK culture}},
  journal = {Journal of The Royal Society Interface},
  year = {2015},
  volume = {12},
  number = {113},
  pages = {20150905--12},
}

@book{beer:2004,
  keywords = {secondary},
  title = {{Darwin's plots: evolutionary narrative in Darwin, George Eliot and nineteenth-century fiction}},
  author = {Beer, Gillian},
  year = {2004},
  publisher = {Cambridge University Press},
  address = {Cambridge},
}

%% Primary sources
@book{vendel:2003,
  keywords = {primary},
  title = {Rood Rood Roodkapje},
  author = {Edward {Van de Vendel} and Isabelle {Vandenabeele (illustrations)}},
  year = {2003},
  publisher = {De Eenhoorn},
  address = {Wielsbeke}
}

@book{dros:1991,
  keywords = {primary},
  title = {De Wolf die tegen water praatte},
  author = {Imme Dros and Henricus {Geelen (illustrations)}},
  year = {1991},
  publisher = {Moon Press},
  address = {Bussum}
}

@book{wijs:1994,
  keywords = {primary},
  author = {Ivo {De Wijs} and Alfons {Van Heusden (illustrations)}},
  title = {Roodkapje en de zeven geitjes},
  year = {1994},
  publisher = {Leopold},
  address = {Amsterdam}
}

@book{wijs:2011,
  keywords = {primary},
  author = {Ivo {De Wijs} and Wouter {Tulp (illustrations)}},
  title = {En ze leefden nog... Sprookjes op Rijm.},
  year = {2011},
  publisher = {Amsterdam Blue in Green},
  address = {Amsterdam}
}

@book{Vries-Vogel:1984,
  keywords = {primary},
  author = {M. M. {De Vries-Vogel}},
  title = {De sprookjes van Grimm; volledige uitgave},
  publisher = {Unieboek BV -- Van Holkema \& Warendorf},
  address = {Weesp, The Netherlands},
  year = {1984}
}